<?xml version="1.0" encoding="UTF-8"?>
<record xmlns="http://www.loc.gov/MARC21/slim">
   <leader>00999cam a2200253La 4500</leader>
   <controlfield tag="001">6912632</controlfield>
   <controlfield tag="003">NjP</controlfield>
   <controlfield tag="005">20190412203150.0</controlfield>
   <controlfield tag="008">960306s1886    le            000 0 ara d</controlfield>
   <datafield tag="024" ind1="7" ind2=" ">
      <subfield code="a">princeton_aco003632</subfield>
      <subfield code="2">local</subfield>
   </datafield>
   <datafield ind1=" " ind2=" " tag="035">
      <subfield code="a">(OCoLC)ocm81327245</subfield>
   </datafield>
   <datafield ind1=" " ind2=" " tag="040">
      <subfield code="a">MH</subfield>
      <subfield code="c">HLS</subfield>
      <subfield code="d">OCLCG</subfield>
   </datafield>
   <datafield ind1=" " ind2=" " tag="035">
      <subfield code="a">(OCoLC)81327245</subfield>
   </datafield>
   <datafield ind1=" " ind2=" " tag="049">
      <subfield code="a">PULL</subfield>
   </datafield>
   <datafield ind1=" " ind2=" " tag="090">
      <subfield code="a">DK70</subfield>
      <subfield code="b">.Q343 1886</subfield>
   </datafield>
   <datafield ind1="1" ind2=" " tag="100">
      <subfield code="a">Qalfāṭ, Nakhlah,</subfield>
      <subfield code="d">1851-1905.</subfield>
      <subfield code="0">http://id.loc.gov/authorities/names/n81102836</subfield>
   </datafield>
   <datafield ind1="1" ind2="0" tag="245">
      <subfield code="a">Tārīkh Rūsiyā al-ḥadīth /</subfield>
      <subfield code="c">mansūq bi-qalam Nakhlah Qalfāṭ.</subfield>
   </datafield>
   <datafield ind1="1" ind2="3" tag="246">
      <subfield code="a">Tārīkh Buṭrus al-kabīr</subfield>
   </datafield>
   <datafield ind1=" " ind2=" " tag="260">
      <subfield code="a">[S.l. :</subfield>
      <subfield code="b">s.n.],</subfield>
      <subfield code="c">1886 (</subfield>
      <subfield code="a">Bayrūt :</subfield>
      <subfield code="b">al-Maṭbaʻah al-Lubnānīyah)</subfield>
   </datafield>
   <datafield ind1=" " ind2=" " tag="300">
      <subfield code="a">4 v. ;</subfield>
      <subfield code="c">21 cm.</subfield>
   </datafield>
   <datafield ind1="0" ind2=" " tag="505">
      <subfield code="a">mujallad 1. Tārīkh Buṭrus al-kabīr . -- mujallad 2-4. Tārīkh Rūsiyā al-ḥadīth.</subfield>
   </datafield>
   <datafield ind1="0" ind2="0" tag="600">
      <subfield code="a">Peter</subfield>
      <subfield code="b">I,</subfield>
      <subfield code="c">Emperor of Russia,</subfield>
      <subfield code="d">1672-1725.</subfield>
   </datafield>
   <datafield ind1=" " ind2="0" tag="651">
      <subfield code="a">Russia</subfield>
      <subfield code="x">History.</subfield>
      <subfield code="0">http://id.loc.gov/authorities/subjects/sh92004044</subfield>
   </datafield>
   <datafield ind1=" " ind2=" " tag="994">
      <subfield code="a">C0</subfield>
      <subfield code="b">PUL</subfield>
   </datafield>
   <datafield ind1=" " ind2=" " tag="904">
      <subfield code="a">jab</subfield>
      <subfield code="b">g</subfield>
      <subfield code="h">n</subfield>
      <subfield code="c">t</subfield>
      <subfield code="e">20111205</subfield>
   </datafield>
   <datafield ind1=" " ind2=" " tag="902">
      <subfield code="a">jab</subfield>
      <subfield code="b">m</subfield>
      <subfield code="6">a</subfield>
      <subfield code="7">m</subfield>
      <subfield code="d">v</subfield>
      <subfield code="f">3</subfield>
      <subfield code="e">20111205</subfield>
   </datafield>
   <datafield ind1="0" ind2=" " tag="852">
      <subfield code="0">6816530</subfield>
      <subfield code="b">rcppa</subfield>
      <subfield code="h">DK70</subfield>
      <subfield code="i">.Q343 1886</subfield>
   </datafield>
   <datafield ind1=" " ind2="0" tag="866">
      <subfield code="0">6816530</subfield>
      <subfield code="a">Juzʾ 2-juzʾ 4</subfield>
   </datafield>
   <datafield ind1=" " ind2="0" tag="866">
      <subfield code="0">6816530</subfield>
      <subfield code="x">DESIGNATOR: juz</subfield>
   </datafield>
   <datafield ind1=" " ind2=" " tag="959">
      <subfield code="a">2011-12-05 10:05:52 -0400</subfield>
   </datafield>
</record>
